@misc{panesar_2022,
  author       = {G. Panesar and I. Robertson},
  title        = {{Efficient Trace for RISC-V}},
  year         = {2022},
  publisher    = {GitHub},
  journal      = {GitHub repository},
  howpublished = {\url{https://github.com/riscv-non-isa/riscv-trace-spec}}
}

@misc{nolting_2022,
  author       = {Stephan Nolting and Unai Martinez-Corral and Lars Asplund and Henrik Brix Andersen and Andreas Wenzel and T. Meissner and Jeremy Herbert and Tore Ramsland and Rafael Corsi and Pascal Cotret},
  title        = {{The NEORV32 RISC-V Processor}},
  year         = {2022},
  publisher    = {GitHub},
  journal      = {GitHub repository},
  howpublished = {\url{https://github.com/stnolting/neorv32}}
}

@book{patterson,
author={ David A. Patterson, John L. Hennessy},
title ={{Computer Organization and Design RISC-V Edition: The Hardware Software Interface}},
edition={1},
year={2017},
publisher={Morgan Kaufmann}
}